<record><leader>00000cas a2200000 a 4500</leader><controlfield tag="001">10722626</controlfield><controlfield tag="008">840512c18369999scuwr ne      0   a0eng d</controlfield><controlfield tag="009">3781</controlfield><datafield ind1=" " ind2=" " tag="010"><subfield code="a">sn 84026897 </subfield></datafield><datafield ind1=" " ind2=" " tag="040"><subfield code="a">NPU</subfield><subfield code="b">eng</subfield><subfield code="c">NPU</subfield><subfield code="d">DLC</subfield><subfield code="d">NPX</subfield><subfield code="d">DLC</subfield><subfield code="d">NPA</subfield><subfield code="d">SVN</subfield><subfield code="d">MGN</subfield><subfield code="d">CNK</subfield><subfield code="d">FUG</subfield><subfield code="d">NVF</subfield><subfield code="d">DLC</subfield><subfield code="d">NVK</subfield><subfield code="d">OCL</subfield><subfield code="d">OCLCQ</subfield><subfield code="d">DLC</subfield><subfield code="d">OCLCF</subfield></datafield><datafield ind1=" " ind2=" " tag="012"><subfield code="l">a</subfield></datafield><datafield ind1="0" ind2=" " tag="022"><subfield code="a">2166-5613</subfield><subfield code="2">1</subfield></datafield><datafield ind1="1" ind2=" " tag="029"><subfield code="a">AU@</subfield><subfield code="b">000026223436</subfield></datafield><datafield ind1=" " ind2=" " tag="042"><subfield code="a">msc</subfield><subfield code="a">nsdp</subfield></datafield><datafield ind1=" " ind2=" " tag="043"><subfield code="a">n-us-sc</subfield></datafield><datafield ind1="0" ind2="0" tag="050"><subfield code="a">Newspaper</subfield></datafield><datafield ind1="1" ind2="0" tag="082"><subfield code="a">741</subfield><subfield code="2">14</subfield></datafield><datafield ind1=" " ind2="0" tag="222"><subfield code="a">Edgefield advertiser</subfield></datafield><datafield ind1="0" ind2="0" tag="245"><subfield code="a">Edgefield advertiser.</subfield></datafield><datafield ind1=" " ind2=" " tag="260"><subfield code="a">Edgefield, S.C. :</subfield><subfield code="b">LaBorde and Jones,</subfield><subfield code="c">1836-</subfield></datafield><datafield ind1=" " ind2=" " tag="300"><subfield code="a">v. :</subfield><subfield code="b">ill. ;</subfield><subfield code="c">62-72 cm.</subfield></datafield><datafield ind1=" " ind2=" " tag="310"><subfield code="a">Weekly</subfield></datafield><datafield ind1="0" ind2=" " tag="362"><subfield code="a">Vol. 1, no. 1 (Feb. 11, 1836)-</subfield></datafield><datafield ind1=" " ind2=" " tag="500"><subfield code="a">Publishers: W.F. Durisoe, &lt;1841-1852&gt;; Durisoe, Keese &amp; Co., &lt;1868&gt;; John E. Bacon &amp; Thomas J. Adams, &lt;1876&gt;.</subfield></datafield><datafield ind1=" " ind2=" " tag="500"><subfield code="a">Centennial ed. published Feb. 12, 1936.</subfield></datafield><datafield ind1=" " ind2=" " tag="500"><subfield code="a">Democratic, &lt;1852&gt;, &lt;1876&gt;.</subfield></datafield><datafield ind1=" " ind2=" " tag="500"><subfield code="a">Editors: James T. Bacon, &lt;1868&gt;; James T. Bacon &amp; Thomas J. Adams, &lt;1876&gt;.</subfield></datafield><datafield ind1=" " ind2=" " tag="530"><subfield code="a">Available on microfilm from Micro Photo Div., Bell &amp; Howell Co.</subfield></datafield><datafield ind1=" " ind2=" " tag="530"><subfield code="a">Archived issues are available in digital format as part of the Library of Congress Chronicling America online collection.</subfield></datafield><datafield ind1=" " ind2="0" tag="651"><subfield code="a">Edgefield (S.C.)</subfield><subfield code="v">Newspapers.</subfield></datafield><datafield ind1=" " ind2="0" tag="651"><subfield code="a">Edgefield County (S.C.)</subfield><subfield code="v">Newspapers.</subfield></datafield><datafield ind1=" " ind2="7" tag="655"><subfield code="a">Newspapers.</subfield><subfield code="2">fast</subfield><subfield code="0">(OCoLC)fst01423814</subfield></datafield><datafield ind1=" " ind2="7" tag="651"><subfield code="a">South Carolina</subfield><subfield code="z">Edgefield.</subfield><subfield code="2">fast</subfield><subfield code="0">(OCoLC)fst01229449</subfield></datafield><datafield ind1=" " ind2="7" tag="651"><subfield code="a">South Carolina</subfield><subfield code="z">Edgefield County.</subfield><subfield code="2">fast</subfield><subfield code="0">(OCoLC)fst01215692</subfield></datafield><datafield ind1=" " ind2=" " tag="752"><subfield code="a">United States</subfield><subfield code="b">South Carolina</subfield><subfield code="c">Edgefield</subfield><subfield code="d">Edgefield.</subfield></datafield><datafield ind1="0" ind2="0" tag="780"><subfield code="t">Carolinian (Edgefield, S.C.)</subfield><subfield code="w">(DLC)sn 85042804</subfield><subfield code="w">(OCoLC)12863926</subfield></datafield><datafield ind1="4" ind2="1" tag="856"><subfield code="u">http://www.loc.gov/chroniclingamerica/lccn/sn84026897/issues</subfield></datafield></record>